@book{Tao2022AnalysisI,
  title     = {Analysis I},
  author    = {Terence Tao},
  year      = {2022},
  publisher = {Hindustan Book Agency},
  edition   = {4th},
  isbn      = {978-81-95196-19-7},
  url       = {https://bookstore.ams.org/hin-82}
}

@book{Tao2022AnalysisII,
  title     = {Analysis II},
  author    = {Terence Tao},
  year      = {2022},
  publisher = {Hindustan Book Agency},
  edition   = {4th},
  isbn      = {978-81-95196-20-3},
  url       = {https://bookstore.ams.org/hin-83}
}

@book{Abbott2015UnderstandingAnalysis,
  title     = {Understanding Analysis},
  author    = {Stephen Abbott},
  year      = {2015},
  publisher = {Springer},
  edition   = {2nd},
  isbn      = {978-1-4419-5218-8}
}

@book{Rudin1976PrinciplesMathematicalAnalysis,
  title     = {Principles of Mathematical Analysis},
  author    = {Walter Rudin},
  year      = {1976},
  publisher = {McGraw-Hill},
  edition   = {3rd},
  isbn      = {978-0-07-054236-1}
}

@book{Munkres1993AnalysisManifolds,
  title     = {Analysis on Manifolds},
  author    = {James Munkres},
  year      = {1993},
  publisher = {Addison-Wesley},
  edition   = {1st},
  isbn      = {978-0-201-50350-0}
}

@book{Spivak1965CalculusManifolds,
  title     = {Calculus on Manifolds},
  author    = {Michael Spivak},
  year      = {1965},
  publisher = {Addison-Wesley},
  edition   = {1st},
  isbn      = {978-0-201-50332-6}
}

@book{Axler2010MeasureIntegrationRealAnalysis,
  title     = {Measure, Integration \& Real Analysis},
  author    = {Sheldon Axler},
  year      = {2010},
  publisher = {Springer},
  edition   = {1st},
  isbn      = {978-1-4419-1671-4}
}

@book{RoydenFitzpatrick2010RealAnalysis,
  title     = {Real Analysis},
  author    = {Halsey Royden and Patrick Fitzpatrick},
  year      = {2010},
  publisher = {Pearson},
  edition   = {4th},
  isbn      = {978-0-13-143747-4}
}

@book{Yeh2003RealAnalysisMeasureIntegration,
  title     = {Real Analysis, Theory of Measure and Integration},
  author    = {James Yeh},
  year      = {2003},
  publisher = {World Scientific},
  edition   = {1st},
  isbn      = {978-981-238-548-1}
}

@book{AmannEscher2008AnalysisI,
  title     = {Analysis I},
  author    = {Herbert Amann and Joachim Escher},
  year      = {2008},
  publisher = {Birkhäuser},
  edition   = {1st},
  isbn      = {978-3-7643-8478-7}
}

@book{AmannEscher2008AnalysisII,
  title     = {Analysis II},
  author    = {Herbert Amann and Joachim Escher},
  year      = {2008},
  publisher = {Birkhäuser},
  edition   = {1st},
  isbn      = {978-3-7643-8479-4}
}

@book{AmannEscher2010AnalysisIII,
  title     = {Analysis III},
  author    = {Herbert Amann and Joachim Escher},
  year      = {2010},
  publisher = {Birkhäuser},
  edition   = {1st},
  isbn      = {978-3-7643-8480-0}
}

@book{Rudin1987RealComplex,
  author    = {Walter Rudin},
  title     = {Real and Complex Analysis},
  year      = {1987},
  publisher = {McGraw-Hill},
  edition   = {3rd},
  isbn      = {978-0-07-054234-1}
}

@book{Rudin1991Functional,
  author    = {Walter Rudin},
  title     = {Functional Analysis},
  year      = {1991},
  publisher = {McGraw-Hill},
  edition   = {2nd},
  isbn      = {978-0-07-054236-1}
}

@book{Ahlfors1979Complex,
  author    = {Lars V. Ahlfors},
  title     = {Complex Analysis},
  year      = {1979},
  publisher = {McGraw-Hill},
  edition   = {3rd},
  isbn      = {978-0-07-000657-7}
}

@book{Stein2003Fourier,
  author    = {Elias M. Stein and Rami Shakarchi},
  title     = {Fourier Analysis: An Introduction},
  year      = {2003},
  publisher = {Princeton University Press},
  edition   = {1st},
  series    = {Princeton Lectures in Analysis},
  volume    = {1},
  isbn      = {978-0-691-11384-5}
}

@book{Stein2003Complex,
  author    = {Elias M. Stein and Rami Shakarchi},
  title     = {Complex Analysis},
  year      = {2003},
  publisher = {Princeton University Press},
  series    = {Princeton Lectures in Analysis},
  volume    = {2},
  isbn      = {978-0-691-11385-2},
  edition   = {1st}
}

@book{Stein2005Real,
  author    = {Elias M. Stein and Rami Shakarchi},
  title     = {Real Analysis: Measure Theory, Integration, and Hilbert Spaces},
  year      = {2005},
  publisher = {Princeton University Press},
  series    = {Princeton Lectures in Analysis},
  volume    = {3},
  isbn      = {978-0-691-11386-9},
  edition   = {1st}
}

@book{Stein2011Functional,
  author    = {Elias M. Stein and Rami Shakarchi},
  title     = {Functional Analysis: Introduction to Further Topics in Analysis},
  year      = {2011},
  publisher = {Princeton University Press},
  series    = {Princeton Lectures in Analysis},
  volume    = {4},
  isbn      = {978-0-691-11387-6},
  edition   = {1st}
}

@book{Simon2015Measure,
  author    = {Barry Simon},
  title     = {A Comprehensive Course in Analysis, Part 1: Real Analysis},
  year      = {2015},
  publisher = {American Mathematical Society},
  isbn      = {978-1-4704-1100-6},
  edition   = {1st}
}

@book{Simon2015Complex,
  author    = {Barry Simon},
  title     = {A Comprehensive Course in Analysis, Part 2A: Basic Complex Analysis},
  year      = {2015},
  publisher = {American Mathematical Society},
  isbn      = {978-1-4704-1101-3},
  edition   = {1st}
}

@book{Simon2015AdvancedComplex,
  author    = {Barry Simon},
  title     = {A Comprehensive Course in Analysis, Part 2B: Advanced Complex Analysis},
  year      = {2015},
  publisher = {American Mathematical Society},
  isbn      = {978-1-4704-1102-0},
  edition   = {1st}
}

@book{Simon2015Hilbert,
  author    = {Barry Simon},
  title     = {A Comprehensive Course in Analysis, Part 3: Harmonic Analysis, Representation Theory, Orthogonal Polynomials, and Special Functions},
  year      = {2015},
  publisher = {American Mathematical Society},
  isbn      = {978-1-4704-1103-7},
  edition   = {1st}
}

@book{Simon2015Operator,
  author    = {Barry Simon},
  title     = {A Comprehensive Course in Analysis, Part 4: Operator Theory},
  year      = {2015},
  publisher = {American Mathematical Society},
  isbn      = {978-1-4704-1104-4},
  edition   = {1st}
}

@book{Kreyszig1989Functional,
  author    = {Erwin Kreyszig},
  title     = {Introductory Functional Analysis with Applications},
  year      = {1989},
  publisher = {John Wiley \& Sons},
  edition   = {1st},
  isbn      = {978-0-471-50459-7}
}

@book{Narici_2011,
  author    = {Lawrence Narici and Edward Beckenstein},
  title     = {Topological Vector Spaces},
  year      = {2011},
  edition   = {2nd},
  publisher = {Springer},
  address   = {New York},
  isbn      = {978-1441968427}
}

@book{Rynne_2008,
  author    = {Bernadette Rynne and M.A. Youngson},
  title     = {Linear Functional Analysis},
  year      = {2008},
  edition   = {2nd},
  publisher = {Springer},
  address   = {New York},
  isbn      = {978-0387793069}
}

@book{Treves_2006,
  author    = {François Treves},
  title     = {Topological Vector Spaces, Distributions and Kernels},
  year      = {2006},
  edition   = {1st},
  publisher = {Academic Press},
  address   = {San Diego},
  isbn      = {978-0123969602}
}

@book{Schaefer_Wolff_1999,
  author    = {Herbert H. Schaefer and Michael Wolff},
  title     = {Topological Vector Spaces},
  year      = {1999},
  edition   = {2nd},
  publisher = {Springer},
  address   = {Berlin},
  isbn      = {978-3540648900}
}

@book{Cumming_2017,
  author    = {Jay Cummings},
  title     = {Real Analysis: A Long-Form Mathematics Textbook},
  year      = {2018},
  edition   = {1st},
  publisher = {CreateSpace Independent Publishing Platform},
  address   = {},
  isbn      = {978-1724510129}
}

@book{Munkres_Topology,
  author    = {James R. Munkres},
  title     = {Topology},
  year      = {2000},
  edition   = {2nd},
  publisher = {Prentice Hall},
  address   = {Upper Saddle River, NJ},
  isbn      = {978-0131816299}
}

@book{Roberts_Point_Set_Topology,
  author    = {Robert Andrè},
  title     = {Point-Set Topology with Topics},
  year      = {2020},
  edition   = {1st},
  publisher = {World Scientific Publishing Co. Pte. Ltd.},
  address   = {Singapore},
  isbn      = {978-1108731555}
}

@book{Adams_Franzosa_Topology,
  author    = {Colin Conrad Adams and Robert David Franzosa},
  title     = {Introduction to Topology: Pure and Applied},
  year      = {2007},
  edition   = {1st},
  publisher = {Pearson},
  address   = {Upper Saddle River, NJ},
  isbn      = {978-0131848696}
}

@book{Crossley_Essential_Topology,
  author    = {Martin D. Crossley},
  title     = {Essential Topology},
  year      = {2005},
  edition   = {1st},
  publisher = {Springer},
  address   = {London},
  isbn      = {978-1852337827}
}

@book{Simmons_Topology_Without_Tears,
  author    = {Sidney A. Morris},
  title     = {Topology Without Tears},
  year      = {2019},
  edition   = {1st},
  publisher = {Self-Published},
  note      = {Freely available online},
  url       = {https://topologywithouttears.net/}
}
